<record xmlns:xsi="http://www.w3.org/2001/XMLSchema-instance" xmlns="http://www.loc.gov/MARC21/slim" xsi:schemaLocation="http://www.loc.gov/MARC21/slim http://www.loc.gov/standards/marcxml/schema/MARC21slim.xsd">

  <leader>00400nam a2200133Ia 4500</leader>
  <datafield ind1=" " ind2=" " tag="090">
    <subfield code="a">CD #50</subfield>
  </datafield>
  <datafield ind2=" " ind1=" " tag="110">
    <subfield code="a">Estación Experimental  Agrícola Fabio Baudrit Moreno</subfield>
  </datafield>
  <datafield ind2=" " ind1=" " tag="245">
    <subfield code="a">Estación Experimental Agrícola Fabio Baudrit Moreno : presentación</subfield>
  </datafield>
  <datafield tag="260" ind1=" " ind2=" ">
    <subfield code="a">Costa Rica : </subfield>
    <subfield code="b">EEAFBM - UCR, </subfield>
    <subfield code="c">2004</subfield>
  </datafield>
  <datafield ind1=" " ind2=" " tag="300">
    <subfield code="a">CD-ROM</subfield>
  </datafield>
  <datafield tag="650" ind1=" " ind2=" ">
    <subfield code="a">RESEÑA HISTORICA  </subfield>
  </datafield>
  <datafield tag="650" ind1=" " ind2=" ">
    <subfield code="a">AREAS DE TRABAJO</subfield>
  </datafield>
  <datafield tag="942" ind2=" " ind1=" ">
    <subfield code="p">001457</subfield>
  </datafield>
  <datafield ind1=" " ind2=" " tag="999">
    <subfield code="c">2501</subfield>
    <subfield code="d">2501</subfield>
  </datafield>
</record>